@inproceedings{blumofe:1994:scheduling,
  title={Scheduling multithreaded computations by work stealing},
  author={Blumofe, Robert D and Leiserson, Charles E},
  booktitle={Foundations of Computer Science, 1994 Proceedings., 35th Annual Symposium on},
  pages={356--368},
  year={1994},
  organization={IEEE}
}

@inproceedings{guo:2009:work,
  title={Work-first and help-first scheduling policies for async-finish task parallelism},
  author={Guo, Yi and Barik, Rajkishore and Raman, Raghavan and Sarkar, Vivek},
  booktitle={Parallel \& Distributed Processing, 2009. IPDPS 2009. IEEE International Symposium on},
  pages={1--12},
  year={2009},
  organization={IEEE}
}

@PhdThesis{miller:2006:robust_composition,
    author  = {Mark Samuel Miller},
    title   = {Robust Composition: Towards a Unified Approach to 
               Access Control and Concurrency Control},
    year    = {2006},
    month   = {May},
    school  = {Johns Hopkins University},
    address = {Baltimore, Maryland, USA}
}